<?xml version="1.0" encoding="UTF-8"?><collection xmlns="http://www.loc.gov/MARC21/slim"><record><leader>00446nam--2200133-i-4500</leader><controlfield tag="001">000045220</controlfield><controlfield tag="002">20161230</controlfield><controlfield tag="005">20161230201044</controlfield><controlfield tag="008">060222s1000------------r-----000-0-eng-d</controlfield><datafield ind1=" " ind2=" " tag="080"><subfield code="a">621.039.83:664.7</subfield></datafield><datafield ind1=" " ind2=" " tag="245"><subfield code="a">Les techniques nucleaires dans la production alimentaire</subfield></datafield><datafield ind1=" " ind2=" " tag="260"><subfield code="a">Roma, Org.Des Nations Unies Pour L`Alimentation Et L`Agriculture, Aiea, 1970. Xiv + 87 P</subfield></datafield><datafield ind1=" " ind2=" " tag="490"><subfield code="a">Campagne Mondiale Centre La Faim. Etude De Base</subfield></datafield><datafield ind1=" " ind2=" " tag="852"><subfield code="a">45562</subfield></datafield></record></collection>